@incollection{kung2013object,
	title={Object-oriented Software Engineering},
	author={Kung, David},
	booktitle={An Agile Unified Methodology},
	year={2013},
	publisher={McGraw-Hill Higher Education}
}
